<?xml version="1.0" encoding="UTF-8"?><record xmlns="http://www.loc.gov/MARC21/slim" xmlns:cinclude="http://apache.org/cocoon/include/1.0" xmlns:zs="http://www.loc.gov/zing/srw/">
  <leader>00460nz  a2200145n  4500</leader>
  <controlfield tag="001">no2003126050</controlfield>
  <controlfield tag="003">DLC</controlfield>
  <controlfield tag="005">20031217071055.0</controlfield>
  <controlfield tag="008">031216n| acannaabn          |a aaa     c</controlfield>
  <datafield tag="010" ind1=" " ind2=" ">
    <subfield code="a">no2003126050</subfield>
  </datafield>
  <datafield tag="035" ind1=" " ind2=" ">
    <subfield code="a">(OCoLC)oca06229480</subfield>
  </datafield>
  <datafield tag="040" ind1=" " ind2=" ">
    <subfield code="a">WU</subfield>
    <subfield code="b">eng</subfield>
    <subfield code="c">WU</subfield>
  </datafield>
  <datafield tag="100" ind1="1" ind2=" ">
    <subfield code="a">Simpelev, I. A.</subfield>
    <subfield code="q">(Ivan Andreevich)</subfield>
  </datafield>
  <datafield tag="400" ind1="1" ind2=" ">
    <subfield code="a">Simpelev, Ivan Andreevich</subfield>
  </datafield>
  <datafield tag="670" ind1=" " ind2=" ">
    <subfield code="a">Kovrizhnykh, Iď¸ Uď¸Ą. Puti-dorogi frontovye, 2000:</subfield>
    <subfield code="b">t.p. (I.A. Simpelev) colophon (Ivan Andreevich Simpelev)</subfield>
  </datafield>
</record>